
@book{Lindley_2004,
  title={Degrees Kelvin: A Tale of Genius, Invention, and Tragedy},
  author={Lindley, David},
  year={2004},
  publisher={Joseph Henry Press}
}

@book{Gould_1987,
  title={Time's Arrow, Time's cycle: Myth and Metaphor in the Discovery of Geological Time},
  author={Gould, Stephen Jay},
  year={1987},
  publisher={Harvard University Press}
}

@book{Hallam_1989,
  title={Great Geological Controversies},
  author={Hallam, Anthony},
  year={1989},
  publisher={Oxford University Press}
}

@book{Lyell_1833,
  title={Principles of Geology, being an Attempt to Explain the Former Changes of Earth's Surface, by Refernce to Causes now in Operation},
  author={Lyell, Charles},
  year={1833},
  publisher={John Murray}
}

@book{Darwin_1859,
  title={On the Origin of Species},
  author={Darwin, Charles},
  year={1859},
  edition={1st},
  publisher={John Murray}
}

@book{Darwin_1869,
  title={On the Origin of Species},
  author={Darwin, Charles},
  year={1869},
  edition={5th},
  publisher={John Murray}
}

@book{Marchant_1916,
  title={Alfred Russel Wallace: Letters and Reminiscences},
  author={Marchant, James},
  year={1916},
  volume={1},
  publisher={Cassell and Company, LTD}
}